% Encoding: UTF-8

@Article{capucho2013ilp,
  author       = {Capucho, Joao HL and Resendo, Leandro C},
  title        = {ILP model and effective genetic algorithm for routing and spectrum allocation in elastic optical networks},
  year         = {2013},
  pages        = {1--5},
  booktitle    = {Microwave \& Optoelectronics Conference (IMOC), 2013 SBMO/IEEE MTT-S International},
  organization = {IEEE},
}

@Article{Chatterjee2015,
  author    = {Chatterjee, Bijoy Chand and Sarma, Nityananda and Oki, Eiji},
  title     = {Routing and spectrum allocation in elastic optical networks: a tutorial},
  year      = {2015},
  volume    = {17},
  number    = {3},
  pages     = {1776--1800},
  journal   = {Communications Surveys \& Tutorials, IEEE},
  publisher = {IEEE},
}

@Article{Christodoulopoulos2011,
  author    = {Christodoulopoulos, Konstantinos and Tomkos, Ioannis and Varvarigos, EA},
  title     = {Elastic bandwidth allocation in flexible OFDM-based optical networks},
  year      = {2011},
  volume    = {29},
  number    = {9},
  pages     = {1354--1366},
  journal   = {Journal of Lightwave Technology},
  publisher = {IEEE},
}

@Article{huang2012,
  author    = {Huang, Yue-Kai and Ip, Ezra and Xia, Tiejun J and Wellbrock, Glenn A and Huang, Ming-Fang and Aono, Yoshiaki and Tajima, Tsutomu and Cvijetic, Milorad},
  title     = {Mixed line-rate transmission (112-Gb/s, 450-Gb/s, and 1.15-Tb/s) over 3560 km of field-installed fiber with filterless coherent receiver},
  year      = {2012},
  volume    = {30},
  number    = {4},
  pages     = {609--617},
  journal   = {Lightwave Technology, Journal of},
  publisher = {IEEE},
}

@Article{Ilchmann2011,
  author  = {Ilchmann, F and others},
  title   = {Efficient and optimized network architecture: Requirements and reference scenarios},
  year    = {2011},
  volume  = {1},
  journal = {Deliverable D2},
}

@Article{Konak2006,
  author    = {Konak, Abdullah and Coit, David W and Smith, Alice E},
  title     = {Multi-objective optimization using genetic algorithms: A tutorial},
  year      = {2006},
  volume    = {91},
  number    = {9},
  pages     = {992--1007},
  journal   = {Reliability Engineering \& System Safety},
  publisher = {Elsevier},
}

@Book{Mukherjee2006,
  author    = {Mukherjee, Biswanath},
  title     = {Optical WDM networks....},
  year      = {2006},
  publisher = {Springer Science \& Business Media},
}

@Article{Sambo2014,
  author    = {Sambo, Nicola and D'Errico, Antonio and Porzi, Claudio and Vercesi, Valeria and Imran, Muhammad and Cugini, Filippo and Bogoni, Antonella and Pot{\`\i}, Luca and Castoldi, Piero},
  title     = {Sliceable transponder architecture including multiwavelength source},
  year      = {2014},
  volume    = {6},
  number    = {7},
  pages     = {590--600},
  journal   = {Journal of Optical Communications and Networking},
  publisher = {Optical Society of America},
}

@InProceedings{rodas2014quality,
  author       = {Rodas-Br{\'\i}tez, Marcelo D and Pinto-Roa, Diego P},
  title        = {Quality of protection on WDM networks: A quantitative paradigm based on recovery probability},
  booktitle    = {Computing Conference (CLEI), 2014 XL Latin American},
  year         = {2014},
  organization = {IEEE},
  pages        = {1--11},
}

@InProceedings{engopt,
  author       = {Ortiz, Ysapy Mimbi and Fretes, Carmelo and Pinto, Diego P.},
  title        = {Routing and Spectrum Allocation in Elastic Networks. An approach based on Multi-objective Evolutionary Algorithms},
  booktitle    = {5th International Conference on Engineering Optimization (ENGOPT)},
  year         = {2016},
  organization = {Federal University of Rio de Janeiro},
}

@Article{itu-t-694-1,
  author  = {Recommendation, G},
  title   = {694.1: Spectral grids for WDM applications: DWDM frequency grid},
  year    = {2012},
  journal = {International Telecommunications Union, Tech. Rep},
}

@Article{itut-flexigrid,
  author  = {Zhang, Fatai and Zi, Xiaobing and de Dios, O Gonzales and Casellas, Ramon},
  title   = {Requirements for GMPLS control of flexible grids},
  year    = {2011},
  volume  = {1},
  journal = {IETF Internet Draft},
}

@Article{IEEE:rsa,
  author    = {Gerstel, Ori and Jinno, Masahiko and Lord, Andrew and Yoo, SJ Ben},
  title     = {Elastic optical networking: A new dawn for the optical layer?},
  year      = {2012},
  volume    = {50},
  number    = {2},
  journal   = {IEEE Communications Magazine},
  publisher = {IEEE},
}

@InProceedings{IEEE:rsa-np-completo,
  author       = {Wang, Yang and Cao, Xiaojun and Pan, Yi},
  title        = {A study of the routing and spectrum allocation in spectrum-sliced elastic optical path networks},
  booktitle    = {INFOCOM, 2011 Proceedings IEEE},
  year         = {2011},
  organization = {IEEE},
  pages        = {1503--1511},
}

@Comment{jabref-meta: databaseType:biblatex;}
